@article{freeman2011collaborative,
  title={Collaborative textual improvisation in a laptop ensemble},
  author={Freeman, Jason and Van Troyer, Akito},
  journal={Computer Music Journal},
  volume={35},
  number={2},
  pages={8--21},
  year={2011},
  publisher={JSTOR}
}

@inproceedings{lee2011collaborative,
  title={Collaborative musical improvisation in a laptop ensemble with LOLC},
  author={Lee, Sang Won and Freeman, Jason and Colella, Andrew and Yao, Shannon and Van Troyer, Akito},
  booktitle={Proceedings of the 8th ACM conference on Creativity and cognition},
  pages={361--362},
  year={2011}
}
